@article{Bodrog2012,
    Anote = {259},
    Author = {Bodrog,Z. and Aradi,B.},
    Date-Added = {2015-03-30 21:10:13 +0000},
    Date-Modified = {2015-03-30 21:10:13 +0000},
    Journal = {Phys. Stat. Solid B.},
    Number = {2},
    Pages = {259-269},
    Title = {Possible improvements to the self-consistent-charges density-functional tight-binding method within the second order},
    Url = {www.scopus.com},
    Volume = {249},
    Year = {2012},
    Bdsk-Url-1 = {www.scopus.com}}

@article{sindo1,
    Author = {Nanda, D.N. and Jug, Karl},
    Doi = {10.1007/BF00574898},
    Issn = {0040-5744},
    Journal = {Theoret. Chim. Acta (Berl.)},
    Keywords = {A semiempirical SCF MO method∼SINDO1},
    Language = {English},
    Number = {2},
    Pages = {95-106},
    Publisher = {Springer-Verlag},
    Title = {SINDO1. A semiempirical SCF MO method for molecular binding energy and geometry I. Approximations and parametrization},
    Url = {http://dx.doi.org/10.1007/BF00574898},
    Volume = {57},
    Year = {1980},
    Bdsk-Url-1 = {http://dx.doi.org/10.1007/BF00574898}}

@article{sindo12,
    Author = {Jug, Karl and Geudtner, Gerald},
    Doi = {10.1002/jcc.540140603},
    Issn = {1096-987X},
    Journal = {Journal of Computational Chemistry},
    Number = {6},
    Pages = {639--646},
    Publisher = {John Wiley & Sons, Inc.},
    Title = {Treatment of hydrogen bonding in SINDO1},
    Url = {http://dx.doi.org/10.1002/jcc.540140603},
    Volume = {14},
    Year = {1993},
    Bdsk-Url-1 = {http://dx.doi.org/10.1002/jcc.540140603}}

@article{pmo1,
    Author = {Fiedler, Luke and Gao, Jiali and Truhlar, Donald G.},
    Doi = {10.1021/ct1006373},
    Journal = {Journal of Chemical Theory and Computation},
    Number = {4},
    Pages = {852-856},
    Title = {Polarized Molecular Orbital Model Chemistry. 1. Ab Initio Foundations},
    Volume = {7},
    Year = {2011},
    Bdsk-Url-1 = {http://dx.doi.org/10.1021/ct1006373}}

@article{pmo2,
    Author = {Zhang, Peng and Fiedler, Luke and Leverentz, Hannah R. and Truhlar, Donald G. and Gao, Jiali},
    Doi = {10.1021/ct100638g},
    Journal = {Journal of Chemical Theory and Computation},
    Number = {4},
    Pages = {857-867},
    Title = {Polarized Molecular Orbital Model Chemistry. 2. The PMO Method},
    Volume = {7},
    Year = {2011},
    Bdsk-Url-1 = {http://dx.doi.org/10.1021/ct100638g}}

@article{pmo3,
    Author = {Isegawa, Miho and Fiedler, Luke and Leverentz, Hannah R. and Wang, Yingjie and Nachimuthu, Santhanamoorthi and Gao, Jiali and Truhlar, Donald G.},
    Doi = {10.1021/ct300509d},
    Journal = {Journal of Chemical Theory and Computation},
    Number = {1},
    Pages = {33-45},
    Title = {Polarized Molecular Orbital Model Chemistry 3. The PMO Method Extended to Organic Chemistry},
    Volume = {9},
    Year = {2013},
    Bdsk-Url-1 = {http://dx.doi.org/10.1021/ct300509d}}

@article{pm6,
    Author = {Stewart, JamesJ.P.},
    Doi = {10.1007/s00894-007-0233-4},
    Issn = {1610-2940},
    Journal = {Journal of Molecular Modeling},
    Keywords = {NDDO; Parameterization; PM6; Transition metals},
    Language = {English},
    Number = {12},
    Pages = {1173-1213},
    Publisher = {Springer-Verlag},
    Title = {Optimization of parameters for semiempirical methods V: Modification of NDDO approximations and application to 70 elements},
    Url = {http://dx.doi.org/10.1007/s00894-007-0233-4},
    Volume = {13},
    Year = {2007},
    Bdsk-Url-1 = {http://dx.doi.org/10.1007/s00894-007-0233-4}}

@article{dftbbiomolecules,
    Author = {Elstner, M. and Frauenheim, Th. and Kaxiras, E. and Seifert, G. and Suhai, S.},
    Doi = {10.1002/(SICI)1521-3951(200001)217:1<357::AID-PSSB357>3.0.CO;2-J},
    Issn = {1521-3951},
    Journal = {physica status solidi (b)},
    Number = {1},
    Pages = {357--376},
    Publisher = {WILEY-VCH Verlag Berlin GmbH},
    Title = {A Self-Consistent Charge Density-Functional Based Tight-Binding Scheme for Large Biomolecules},
    Url = {http://dx.doi.org/10.1002/(SICI)1521-3951(200001)217:1<357::AID-PSSB357>3.0.CO;2-J},
    Volume = {217},
    Year = {2000},
    Bdsk-Url-1 = {http://dx.doi.org/10.1002/(SICI)1521-3951(200001)217:1%3C357::AID-PSSB357%3E3.0.CO;2-J}}

@article{dftbpolarized,
    Author = {Srinivasan, Sriram Goverapet and Goldman, Nir and Tamblyn, Isaac and Hamel, Sebastien and Gaus, Michael},
    Doi = {10.1021/jp5036713},
    Journal = {The Journal of Physical Chemistry A},
    Note = {PMID: 24960065},
    Number = {29},
    Pages = {5520-5528},
    Title = {A Density Functional Tight Binding Model with an Extended Basis Set and Three-Body Repulsion for Hydrogen under Extreme Thermodynamic Conditions},
    Volume = {118},
    Year = {2014},
    Bdsk-Url-1 = {http://dx.doi.org/10.1021/jp5036713}}

@article{scpnddo,
    Author = {Chang, Daniel T. and Schenter, Gregory K. and Garrett, Bruce C.},
    Doi = {http://dx.doi.org/10.1063/1.2905230},
    Eid = 164111,
    Journal = {The Journal of Chemical Physics},
    Number = {16},
    Pages = {-},
    Title = {Self-consistent polarization neglect of diatomic differential overlap: Application to water clusters},
    Url = {http://scitation.aip.org/content/aip/journal/jcp/128/16/10.1063/1.2905230},
    Volume = {128},
    Year = {2008},
    Bdsk-Url-1 = {http://scitation.aip.org/content/aip/journal/jcp/128/16/10.1063/1.2905230},
    Bdsk-Url-2 = {http://dx.doi.org/10.1063/1.2905230}}

@article{cpeyang,
    Author = {York, Darrin M. and Yang, Weitao},
    Doi = {http://dx.doi.org/10.1063/1.470886},
    Journal = {The Journal of Chemical Physics},
    Number = {1},
    Pages = {159-172},
    Title = {A chemical potential equalization method for molecular simulations},
    Url = {http://scitation.aip.org/content/aip/journal/jcp/104/1/10.1063/1.470886},
    Volume = {104},
    Year = {1996},
    Bdsk-Url-1 = {http://scitation.aip.org/content/aip/journal/jcp/104/1/10.1063/1.470886},
    Bdsk-Url-2 = {http://dx.doi.org/10.1063/1.470886}}

@article{cpeyork,
    Author = {Giese, Timothy J. and York, Darrin M.},
    Doi = {http://dx.doi.org/10.1063/1.2080007},
    Eid = 164108,
    Journal = {The Journal of Chemical Physics},
    Number = {16},
    Title = {Improvement of semiempirical response properties with charge-dependent response density},
    Url = {http://scitation.aip.org/content/aip/journal/jcp/123/16/10.1063/1.2080007},
    Volume = {123},
    Year = {2005},
    Bdsk-Url-1 = {http://scitation.aip.org/content/aip/journal/jcp/123/16/10.1063/1.2080007},
    Bdsk-Url-2 = {http://dx.doi.org/10.1063/1.2080007}}

@article{cpekaminski,
    Author = {Kaminski, Steve and Giese, Timothy J. and Gaus, Michael and York, Darrin M. and Elstner, Marcus},
    Doi = {10.1021/jp306239c},
    Journal = {The Journal of Physical Chemistry A},
    Number = {36},
    Pages = {9131-9141},
    Title = {{Extended Polarization in Third-Order SCC-DFTB from Chemical-Potential Equalization}},
    Volume = {116},
    Year = {2012},
    Bdsk-Url-1 = {http://dx.doi.org/10.1021/jp306239c}}

@article{mndod,
    Author = {Thiel, Walter and Voityuk, Alexander A.},
    Doi = {10.1021/jp952148o},
    Journal = {The Journal of Physical Chemistry},
    Number = {2},
    Pages = {616-626},
    Title = {Extension of MNDO to d Orbitals:  Parameters and Results for the Second-Row Elements and for the Zinc Group},
    Volume = {100},
    Year = {1996},
    Bdsk-Url-1 = {http://dx.doi.org/10.1021/jp952148o}}

@article{grimmed3,
    Author = {Grimme, Stefan and Antony, Jens and Ehrlich, Stephan and Krieg, Helge},
    Doi = {http://dx.doi.org/10.1063/1.3382344},
    Eid = 154104,
    Journal = {The Journal of Chemical Physics},
    Number = {15},
    Pages = {-},
    Title = {A consistent and accurate ab initio parametrization of density functional dispersion correction (DFT-D) for the 94 elements H-Pu},
    Url = {http://scitation.aip.org/content/aip/journal/jcp/132/15/10.1063/1.3382344},
    Volume = {132},
    Year = {2010},
    Bdsk-Url-1 = {http://scitation.aip.org/content/aip/journal/jcp/132/15/10.1063/1.3382344},
    Bdsk-Url-2 = {http://dx.doi.org/10.1063/1.3382344}}

@article{gerit,
    Author = {Brandenburg, Jan and Hochheim, Manuel and Bredow, Thomas and Grimme, Stefan},
    Doi = {10.1021/jz5021313},
    Journal = {The Journal of Physical Chemistry Letters},
    Number = {24},
    Pages = {4275-4284},
    Title = {Low-Cost Quantum Chemical Methods for Noncovalent Interactions},
    Volume = {5},
    Year = {2014},
    Bdsk-Url-1 = {http://dx.doi.org/10.1021/jz5021313}}

@article{grimmebj,
    Author = {Grimme, Stefan and Ehrlich, Stephan and Goerigk, Lars},
    Doi = {10.1002/jcc.21759},
    Issn = {1096-987X},
    Journal = {Journal of Computational Chemistry},
    Keywords = {dispersion energy, density functional theory, noncovalent interactions, van der Waals complexes},
    Number = {7},
    Pages = {1456--1465},
    Publisher = {Wiley Subscription Services, Inc., A Wiley Company},
    Title = {Effect of the damping function in dispersion corrected density functional theory},
    Url = {http://dx.doi.org/10.1002/jcc.21759},
    Volume = {32},
    Year = {2011},
    Bdsk-Url-1 = {http://dx.doi.org/10.1002/jcc.21759}}

@article{hobzad3h4,
    Author = {{\v R}ez{\'a}{\v c}, Jan and Hobza, Pavel},
    Doi = {10.1021/ct200751e},
    Journal = {Journal of Chemical Theory and Computation},
    Number = {1},
    Pages = {141-151},
    Title = {Advanced Corrections of Hydrogen Bonding and Dispersion for Semiempirical Quantum Mechanical Methods},
    Volume = {8},
    Year = {2012},
    Bdsk-Url-1 = {http://dx.doi.org/10.1021/ct200751e}}

@article{dftbreview,
    Author = {Cui, Qiang and Elstner, Marcus},
    Doi = {10.1039/C4CP00908H},
    Issue = {28},
    Journal = {Phys. Chem. Chem. Phys.},
    Pages = {14368-14377},
    Publisher = {The Royal Society of Chemistry},
    Title = {Density functional tight binding: values of semi-empirical methods in an ab initio era},
    Url = {http://dx.doi.org/10.1039/C4CP00908H},
    Volume = {16},
    Year = {2014},
    Bdsk-Url-1 = {http://dx.doi.org/10.1039/C4CP00908H}}

@article{nddo,
    Author = {Pople, J. A. and Santry, D. P. and Segal, G. A.},
    Doi = {http://dx.doi.org/10.1063/1.1701475},
    Journal = {The Journal of Chemical Physics},
    Number = {10},
    Pages = {S129-S135},
    Title = {Approximate Self‐Consistent Molecular Orbital Theory. I. Invariant Procedures},
    Url = {http://scitation.aip.org/content/aip/journal/jcp/43/10/10.1063/1.1701475},
    Volume = {43},
    Year = {1965},
    Bdsk-Url-1 = {http://scitation.aip.org/content/aip/journal/jcp/43/10/10.1063/1.1701475},
    Bdsk-Url-2 = {http://dx.doi.org/10.1063/1.1701475}}

@article{mndo,
    Author = {Dewar, Michael J. S. and Thiel, Walter},
    Doi = {10.1021/ja00457a004},
    Journal = {Journal of the American Chemical Society},
    Number = {15},
    Pages = {4899-4907},
    Title = {Ground states of molecules. 38. The MNDO method. Approximations and parameters},
    Volume = {99},
    Year = {1977},
    Bdsk-Url-1 = {http://dx.doi.org/10.1021/ja00457a004}}

@article{dftb1a,
    Author = {Seifert, G. and Porezag, D. and Frauenheim, Th.},
    Doi = {10.1002/(SICI)1097-461X(1996)58:2<185::AID-QUA7>3.0.CO;2-U},
    Issn = {1097-461X},
    Journal = {International Journal of Quantum Chemistry},
    Number = {2},
    Pages = {185--192},
    Publisher = {John Wiley & Sons, Inc.},
    Title = {Calculations of molecules, clusters, and solids with a simplified LCAO-DFT-LDA scheme},
    Url = {http://dx.doi.org/10.1002/(SICI)1097-461X(1996)58:2<185::AID-QUA7>3.0.CO;2-U},
    Volume = {58},
    Year = {1996},
    Bdsk-Url-1 = {http://dx.doi.org/10.1002/(SICI)1097-461X(1996)58:2%3C185::AID-QUA7%3E3.0.CO;2-U}}

@article{dftb1b,
    Author = {Porezag, D. and Frauenheim, Th. and K\"ohler, Th. and Seifert, G. and Kaschner, R.},
    Doi = {10.1103/PhysRevB.51.12947},
    Issue = {19},
    Journal = {Phys. Rev. B},
    Month = {May},
    Numpages = {0},
    Pages = {12947--12957},
    Publisher = {American Physical Society},
    Title = {Construction of tight-binding-like potentials on the basis of density-functional theory: Application to carbon},
    Url = {http://link.aps.org/doi/10.1103/PhysRevB.51.12947},
    Volume = {51},
    Year = {1995},
    Bdsk-Url-1 = {http://link.aps.org/doi/10.1103/PhysRevB.51.12947},
    Bdsk-Url-2 = {http://dx.doi.org/10.1103/PhysRevB.51.12947}}

@article{dftb2,
    Author = {Elstner, M. and Porezag, D. and Jungnickel, G. and Elsner, J. and Haugk, M. and Frauenheim, Th. and Suhai, S. and Seifert, G.},
    Doi = {10.1103/PhysRevB.58.7260},
    Issue = {11},
    Journal = {Phys. Rev. B},
    Month = {Sep},
    Numpages = {0},
    Pages = {7260--7268},
    Publisher = {American Physical Society},
    Title = {Self-consistent-charge density-functional tight-binding method for simulations of complex materials properties},
    Url = {http://link.aps.org/doi/10.1103/PhysRevB.58.7260},
    Volume = {58},
    Year = {1998},
    Bdsk-Url-1 = {http://link.aps.org/doi/10.1103/PhysRevB.58.7260},
    Bdsk-Url-2 = {http://dx.doi.org/10.1103/PhysRevB.58.7260}}

@article{dftb3,
    Author = {Gaus, Michael and Cui, Qiang and Elstner, Marcus},
    Doi = {10.1021/ct100684s},
    Journal = {Journal of Chemical Theory and Computation},
    Number = {4},
    Pages = {931-948},
    Title = {{DFTB3: Extension of the Self-Consistent-Charge Density-Functional Tight-Binding Method (SCC-DFTB)}},
    Volume = {7},
    Year = {2011},
    Bdsk-Url-1 = {http://dx.doi.org/10.1021/ct100684s}}

@article{matsuzawa1992,
    Author = {Matsuzawa, Nobuyuki and Dixon, David A.},
    Doi = {10.1021/j100196a007},
    Journal = {The Journal of Physical Chemistry},
    Number = {17},
    Pages = {6872-6875},
    Title = {Local density functional calculations of the polarizability and second-order hyperpolarizability of fullerene-C60},
    Volume = {96},
    Year = {1992},
    Bdsk-Url-1 = {http://dx.doi.org/10.1021/j100196a007}}

@article{3ob1,
    Author = {Gaus, Michael and Goez, Albrecht and Elstner, Marcus},
    Doi = {10.1021/ct300849w},
    Journal = {Journal of Chemical Theory and Computation},
    Number = {1},
    Pages = {338-354},
    Title = {Parametrization and Benchmark of DFTB3 for Organic Molecules},
    Volume = {9},
    Year = {2013},
    Bdsk-Url-1 = {http://dx.doi.org/10.1021/ct300849w}}

@article{3ob2,
    Author = {Gaus, Michael and Lu, Xiya and Elstner, Marcus and Cui, Qiang},
    Doi = {10.1021/ct401002w},
    Journal = {Journal of Chemical Theory and Computation},
    Note = {PMID: 24803865},
    Number = {4},
    Pages = {1518-1537},
    Title = {Parameterization of DFTB3/3OB for Sulfur and Phosphorus for Chemical and Biological Applications},
    Volume = {10},
    Year = {2014},
    Bdsk-Url-1 = {http://dx.doi.org/10.1021/ct401002w}}

@misc{g09,
    Author = {M. J. Frisch and G. W. Trucks and H. B. Schlegel and G. E. Scuseria and M. A. Robb and J. R. Cheeseman and G. Scalmani and V. Barone and B. Mennucci and G. A. Petersson and H. Nakatsuji and M. Caricato and X. Li and H. P. Hratchian and A. F. Izmaylov and J. Bloino and G. Zheng and J. L. Sonnenberg and M. Hada and M. Ehara and K. Toyota and R. Fukuda and J. Hasegawa and M. Ishida and T. Nakajima and Y. Honda and O. Kitao and H. Nakai and T. Vreven and Montgomery, {Jr.}, J. A. and J. E. Peralta and F. Ogliaro and M. Bearpark and J. J. Heyd and E. Brothers and K. N. Kudin and V. N. Staroverov and R. Kobayashi and J. Normand and K. Raghavachari and A. Rendell and J. C. Burant and S. S. Iyengar and J. Tomasi and M. Cossi and N. Rega and J. M. Millam and M. Klene and J. E. Knox and J. B. Cross and V. Bakken and C. Adamo and J. Jaramillo and R. Gomperts and R. E. Stratmann and O. Yazyev and A. J. Austin and R. Cammi and C. Pomelli and J. W. Ochterski and R. L. Martin and K. Morokuma and V. G. Zakrzewski and G. A. Voth and P. Salvador and J. J. Dannenberg and S. Dapprich and A. D. Daniels and \"O. Farkas and J. B. Foresman and J. V. Ortiz and J. Cioslowski and D. J. Fox},
    Note = {Gaussian Inc. Wallingford CT 2009},
    Title = {Gaussian~09 {R}evision {D}.01},
    Year = {2009}}

@article{jaynes1957,
    Author = {Jaynes, E. T.},
    Doi = {10.1103/PhysRev.106.620},
    Issue = {4},
    Journal = {Phys. Rev.},
    Month = {May},
    Numpages = {0},
    Pages = {620--630},
    Publisher = {American Physical Society},
    Title = {Information Theory and Statistical Mechanics},
    Url = {http://link.aps.org/doi/10.1103/PhysRev.106.620},
    Volume = {106},
    Year = {1957},
    Bdsk-Url-1 = {http://link.aps.org/doi/10.1103/PhysRev.106.620},
    Bdsk-Url-2 = {http://dx.doi.org/10.1103/PhysRev.106.620}}

@article{jeffrey1946,
    Author = {Jeffreys, Harold},
    Doi = {10.1098/rspa.1946.0056},
    Issn = {0080-4630},
    Journal = {Proceedings of the Royal Society of London A: Mathematical, Physical and Engineering Sciences},
    Number = {1007},
    Pages = {453--461},
    Publisher = {The Royal Society},
    Title = {An Invariant Form for the Prior Probability in Estimation Problems},
    Volume = {186},
    Year = {1946},
    Bdsk-Url-1 = {http://dx.doi.org/10.1098/rspa.1946.0056}}

@article{metropolis1953,
    Author = {Metropolis, Nicholas and Rosenbluth, Arianna W. and Rosenbluth, Marshall N. and Teller, Augusta H. and Teller, Edward},
    Doi = {http://dx.doi.org/10.1063/1.1699114},
    Journal = {The Journal of Chemical Physics},
    Number = {6},
    Pages = {1087-1092},
    Title = {Equation of State Calculations by Fast Computing Machines},
    Url = {http://scitation.aip.org/content/aip/journal/jcp/21/6/10.1063/1.1699114},
    Volume = {21},
    Year = {1953},
    Bdsk-Url-1 = {http://scitation.aip.org/content/aip/journal/jcp/21/6/10.1063/1.1699114},
    Bdsk-Url-2 = {http://dx.doi.org/10.1063/1.1699114}}

@article{akaike,
    Author = {Sugiura, Nariaki},
    Doi = {10.1080/03610927808827599},
    Journal = {Communications in Statistics - Theory and Methods},
    Number = {1},
    Pages = {13-26},
    Title = {Further analysts of the data by akaike' s information criterion and the finite corrections},
    Volume = {7},
    Year = {1978},
    Bdsk-Url-1 = {http://dx.doi.org/10.1080/03610927808827599}}

@article{charmm,
    Author = {Brooks, Bernard R. and Bruccoleri, Robert E. and Olafson, Barry D. and States, David J. and Swaminathan, S. and Karplus, Martin},
    Doi = {10.1002/jcc.540040211},
    Issn = {1096-987X},
    Journal = {Journal of Computational Chemistry},
    Number = {2},
    Pages = {187--217},
    Publisher = {John Wiley & Sons, Inc.},
    Title = {CHARMM: A program for macromolecular energy, minimization, and dynamics calculations},
    Url = {http://dx.doi.org/10.1002/jcc.540040211},
    Volume = {4},
    Year = {1983},
    Bdsk-Url-1 = {http://dx.doi.org/10.1002/jcc.540040211}}

@article{MOLPRO-WIREs,
    Author = {Werner, H.-J. and Knowles, P. J. and Knizia, G. and Manby, F. R. and Sch{\"u}tz, M.},
    Journal = {WIREs Comput Mol Sci},
    Pages = {242--253},
    Title = {{Molpro: a general‐purpose quantum chemistry program package}},
    Volume = {2},
    Year = {2012}}

@misc{MOLPRO,
    Address = molpro_address,
    Author = {H.-J. Werner and P. J. Knowles and G. Knizia and F. R. Manby and M. {Sch\"{u}tz} and P. Celani and T. Korona and R. Lindh and A. Mitrushenkov and G. Rauhut and K. R. Shamasundar and T. B. Adler and R. D. Amos and A. Bernhardsson and A. Berning and D. L. Cooper and M. J. O. Deegan and A. J. Dobbyn and F. Eckert and E. Goll and C. Hampel and A. Hesselmann and G. Hetzer and T. Hrenar and G. Jansen and C. K\"oppl and Y. Liu and A. W. Lloyd and R. A. Mata and A. J. May and S. J. McNicholas and W. Meyer and M. E. Mura and A. Nicklass and D. P. O'Neill and P. Palmieri and D. Peng and K. Pfl\"uger and R. Pitzer and M. Reiher and T. Shiozaki and H. Stoll and A. J. Stone and R. Tarroni and T. Thorsteinsson and M. Wang},
    Note = {see } # molpro_url,
    Title = {MOLPRO, version 2012.1, a package of ab initio programs},
    Year = 2012}

@article{S22,
    Author = {Gr{\'a}fov{\'a}, Lucie and Pito{\v n}{\'a}k, Michal and {\v R}ez{\'a}{\v c}, Jan and Hobza, Pavel},
    Doi = {10.1021/ct1002253},
    Journal = {Journal of Chemical Theory and Computation},
    Number = {8},
    Pages = {2365-2376},
    Title = {Comparative Study of Selected Wave Function and Density Functional Methods for Noncovalent Interaction Energy Calculations Using the Extended S22 Data Set},
    Volume = {6},
    Year = {2010},
    Bdsk-Url-1 = {http://dx.doi.org/10.1021/ct1002253}}

@article{s22update,
    Author = {Takatani, Tait and Hohenstein, Edward G. and Malagoli, Massimo and Marshall, Michael S. and Sherrill, C. David},
    Doi = {http://dx.doi.org/10.1063/1.3378024},
    Eid = 144104,
    Journal = {The Journal of Chemical Physics},
    Number = {14},
    Pages = {-},
    Title = {Basis set consistent revision of the S22 test set of noncovalent interaction energies},
    Url = {http://scitation.aip.org/content/aip/journal/jcp/132/14/10.1063/1.3378024},
    Volume = {132},
    Year = {2010},
    Bdsk-Url-1 = {http://scitation.aip.org/content/aip/journal/jcp/132/14/10.1063/1.3378024},
    Bdsk-Url-2 = {http://dx.doi.org/10.1063/1.3378024}}

@article{s66x8,
    Author = {{\v R}ez{\'a}{\v c}, Jan and Riley, Kevin E. and Hobza, Pavel},
    Doi = {10.1021/ct2002946},
    Journal = {Journal of Chemical Theory and Computation},
    Note = {PMID: 21836824},
    Number = {8},
    Pages = {2427-2438},
    Title = {S66: A Well-balanced Database of Benchmark Interaction Energies Relevant to Biomolecular Structures},
    Volume = {7},
    Year = {2011},
    Bdsk-Url-1 = {http://dx.doi.org/10.1021/ct2002946}}

@article{s14,
    Author = {Mintz, Benjamin J. and Parks, Jerry M.},
    Doi = {10.1021/jp209536e},
    Journal = {The Journal of Physical Chemistry A},
    Number = {3},
    Pages = {1086-1092},
    Title = {Benchmark Interaction Energies for Biologically Relevant Noncovalent Complexes Containing Divalent Sulfur},
    Volume = {116},
    Year = {2012},
    Bdsk-Url-1 = {http://dx.doi.org/10.1021/jp209536e}}

@article{truhlar,
    Author = {Leverentz, Hannah R. and Qi, Helena W. and Truhlar, Donald G.},
    Doi = {10.1021/ct300848z},
    Journal = {Journal of Chemical Theory and Computation},
    Number = {2},
    Pages = {995-1006},
    Title = {Assessing the Accuracy of Density Functional and Semiempirical Wave Function Methods for Water Nanoparticles: Comparing Binding and Relative Energies of (H2O)16 and (H2O)17 to CCSD(T) Results},
    Volume = {9},
    Year = {2013},
    Bdsk-Url-1 = {http://dx.doi.org/10.1021/ct300848z}}

@article{l7,
    Author = {Sedlak, Robert and Janowski, Tomasz and Pito{\v n}{\'a}k, Michal and {\v R}ez{\'a}{\v c}, Jan and Pulay, Peter and Hobza, Pavel},
    Doi = {10.1021/ct400036b},
    Journal = {Journal of Chemical Theory and Computation},
    Number = {8},
    Pages = {3364-3374},
    Title = {Accuracy of Quantum Chemical Methods for Large Noncovalent Complexes},
    Volume = {9},
    Year = {2013},
    Bdsk-Url-1 = {http://dx.doi.org/10.1021/ct400036b}}

@article{qcrna,
    Author = {Timothy J. Giese and Brent A. Gregersen and Yun Liu and Kwangho Nam and Evelyn Mayaan and Adam Moser and Kevin Range and Olalla Nieto Faza and Carlos Silva Lopez and Angel Rodriguez de Lera and Gijs Schaftenaar and Xabier Lopez and Tai-Sung Lee and George Karypis and Darrin M. York},
    Doi = {http://dx.doi.org/10.1016/j.jmgm.2006.02.011},
    Issn = {1093-3263},
    Journal = {Journal of Molecular Graphics and Modelling},
    Number = {4},
    Pages = {423 - 433},
    Title = {\{QCRNA\} 1.0: A database of quantum calculations for \{RNA\} catalysis},
    Url = {http://www.sciencedirect.com/science/article/pii/S1093326306000507},
    Volume = {25},
    Year = {2006},
    Bdsk-Url-1 = {http://www.sciencedirect.com/science/article/pii/S1093326306000507},
    Bdsk-Url-2 = {http://dx.doi.org/10.1016/j.jmgm.2006.02.011}
}


@article{Nagy2011928,
title = "Theoretical design of a specific DNA–Zinc-finger protein interaction with semi-empirical quantum chemical methods ",
journal = "Journal of Molecular Graphics and Modelling ",
volume = "29",
number = "7",
pages = "928 - 934",
year = "2011",
issn = "1093-3263",
doi = "http://dx.doi.org/10.1016/j.jmgm.2011.03.002",
url = "http://www.sciencedirect.com/science/article/pii/S1093326311000313",
author = "Gábor Nagy and Béla Gyurcsik and Eufrozina A. Hoffmann and Tamás Körtvélyesi",
}

@article{Tremelso2014,
author = {Temelso, Berhane and Alser, Katherine A. and Gauthier, Arianne and Palmer, Amber Kay and Shields, George C.},
title = {Structural Analysis of α-Fetoprotein (AFP)-like Peptides with Anti-Breast-Cancer Properties},
journal = {The Journal of Physical Chemistry B},
volume = {118},
number = {17},
pages = {4514-4526},
year = {2014},
doi = {10.1021/jp500017b},
}

@article{Hediger2013,
 title = {\textit{In silico} screening of 393 mutants facilitates enzyme engineering of amidase activity in CalB},
 author = {Hediger, Martin R. and De Vico, Luca and Rannes, Julie B. and Jäckel, Christian and Besenmatter, Werner and Svendsen, Allan and Jensen, Jan H.},
 year = {2013},
 month = {8},
 volume = {1},
 pages = {e145},
 journal = {PeerJ},
 issn = {2167-8359},
 url = {https://dx.doi.org/10.7717/peerj.145},
 doi = {10.7717/peerj.145}
}

@article{Yilmazer2015169,
title = "Enhanced semiempirical \{QM\} methods for biomolecular interactions ",
journal = "Computational and Structural Biotechnology Journal ",
volume = "13",
number = "0",
pages = "169 - 175",
year = "2015",
issn = "2001-0370",
doi = "http://dx.doi.org/10.1016/j.csbj.2015.02.004",
url = "http://www.sciencedirect.com/science/article/pii/S2001037015000082",
author = "Nusret Duygu Yilmazer and Martin Korth",
}

@article{KorthThiel2011,
author = {Korth, Martin and Thiel, Walter},
title = {Benchmarking Semiempirical Methods for Thermochemistry, Kinetics, and Noncovalent Interactions: OMx Methods Are Almost As Accurate and Robust As DFT-GGA Methods for Organic Molecules},
journal = {Journal of Chemical Theory and Computation},
volume = {7},
number = {9},
pages = {2929-2936},
year = {2011},
doi = {10.1021/ct200434a},
}

@article{scp2011,
author = {Murdachaew, Garold and Mundy, Christopher J. and Schenter, Gregory K. and Laino, Teodoro and Hutter, Jürg},
title = {Semiempirical Self-Consistent Polarization Description of Bulk Water, the Liquid−Vapor Interface, and Cubic Ice},
journal = {The Journal of Physical Chemistry A},
volume = {115},
number = {23},
pages = {6046-6053},
year = {2011},
doi = {10.1021/jp110481m},
}

@article{scp2008,
   author = "Chang, Daniel T. and Schenter, Gregory K. and Garrett, Bruce C.",
   title = "Self-consistent polarization neglect of diatomic differential overlap: Application to water clusters",
   journal = "The Journal of Chemical Physics",
   year = "2008",
   volume = "128",
   number = "16", 
   eid = 164111,
   pages = "-",
   url = "http://scitation.aip.org/content/aip/journal/jcp/128/16/10.1063/1.2905230",
   doi = "http://dx.doi.org/10.1063/1.2905230" 
}

@article{RezacDH,
author = {Řezáč, Jan and Fanfrlík, Jindřich and Salahub, Dennis and Hobza, Pavel},
title = {Semiempirical Quantum Chemical PM6 Method Augmented by Dispersion and H-Bonding Correction Terms Reliably Describes Various Types of Noncovalent Complexes},
journal = {Journal of Chemical Theory and Computation},
volume = {5},
number = {7},
pages = {1749-1760},
year = {2009},
doi = {10.1021/ct9000922}
}

@article{KorthDH2,
author = {Korth, Martin and Pitoňák, Michal and Řezáč, Jan and Hobza, Pavel},
title = {A Transferable H-Bonding Correction for Semiempirical Quantum-Chemical Methods},
journal = {Journal of Chemical Theory and Computation},
volume = {6},
number = {1},
pages = {344-352},
year = {2010},
doi = {10.1021/ct900541n},
}

@article{RezacDH2X,
title = "A halogen-bonding correction for the semiempirical \{PM6\} method ",
journal = "Chemical Physics Letters ",
volume = "506",
number = "4–6",
pages = "286 - 289",
year = "2011",
issn = "0009-2614",
doi = "http://dx.doi.org/10.1016/j.cplett.2011.03.009",
url = "http://www.sciencedirect.com/science/article/pii/S0009261411002600",
author = "Jan Řezáč and Pavel Hobza"
}


@article{KorthDHplus,
author = {Korth, Martin},
title = {Third-Generation Hydrogen-Bonding Corrections for Semiempirical QM Methods and Force Fields},
journal = {Journal of Chemical Theory and Computation},
volume = {6},
number = {12},
pages = {3808-3816},
year = {2010},
doi = {10.1021/ct100408b},
}

@article{KromannD3Hplus,
 title = {A third-generation dispersion and third-generation hydrogen bonding corrected PM6 method: PM6-D3H+},
 author = {Kromann, Jimmy C. and Christensen, Anders S. and Steinmann, Casper and Korth, Martin and Jensen, Jan H.},
 year = {2014},
 month = {6},
 volume = {2},
 pages = {e449},
 journal = {PeerJ},
 issn = {2167-8359},
 url = {https://dx.doi.org/10.7717/peerj.449},
 doi = {10.7717/peerj.449}
}

@article{RezacD3H4X,
author = {Řezáč, Jan and Riley, Kevin E. and Hobza, Pavel},
title = {Benchmark Calculations of Noncovalent Interactions of Halogenated Molecules},
journal = {Journal of Chemical Theory and Computation},
volume = {8},
number = {11},
pages = {4285-4292},
year = {2012},
doi = {10.1021/ct300647k},
}

@article{Cavanaugh1997,
    title = "Unifying the derivations for the Akaike and corrected Akaike information criteria ",
    journal = "Statistics \& Probability Letters ",
    volume = "33",
    number = "2",
    pages = "201 - 208",
    year = "1997",
    issn = "0167-7152",
    doi = "http://dx.doi.org/10.1016/S0167-7152(96)00128-9",
    url = "http://www.sciencedirect.com/science/article/pii/S0167715296001289",
    author = "Joseph E. Cavanaugh",
}

@book{BurnhamAnderson,
    author    = "Burnham, Kenneth P. and Anderson, David R.",
    title     = "Model Selection and Multimodel Inference",
    year      = "2002",
    publisher = "Springer-Verlag New York, Inc",
}

@article{medders2013,
author = {Medders, Gregory R. and Babin, Volodymyr and Paesani, Francesco},
title = {A Critical Assessment of Two-Body and Three-Body Interactions in Water},
journal = {Journal of Chemical Theory and Computation},
volume = {9},
number = {2},
pages = {1103-1114},
year = {2013},
doi = {10.1021/ct300913g}
}

@Article{def2qzvp,
    author ="Weigend, Florian and Ahlrichs, Reinhart",
    title  ="Balanced basis sets of split valence{,} triple zeta valence and quadruple zeta valence quality for H to Rn: Design and assessment of accuracy",
    journal  ="Phys. Chem. Chem. Phys.",
    year  ="2005",
    volume  ="7",
    issue  ="18",
    pages  ="3297-3305",
    publisher  ="The Royal Society of Chemistry",
    doi  ="10.1039/B508541A",
    url  ="http://dx.doi.org/10.1039/B508541A",
}
